<record><leader>00000cas a22000007a 4500</leader><controlfield tag="001">15027271</controlfield><controlfield tag="008">861231d19321949txuwr ne      0    0eng d</controlfield><datafield ind1=" " ind2=" " tag="010"><subfield code="a">sn 86090714 </subfield></datafield><datafield ind1=" " ind2=" " tag="040"><subfield code="a">PPM</subfield><subfield code="b">eng</subfield><subfield code="c">PPM</subfield><subfield code="d">YOX</subfield><subfield code="d">PPM</subfield><subfield code="d">OCLCQ</subfield></datafield><datafield ind1=" " ind2=" " tag="042"><subfield code="a">msc</subfield></datafield><datafield ind1="0" ind2=" " tag="130"><subfield code="a">Southwestern advocate (Dallas, Tex.)</subfield></datafield><datafield ind1="1" ind2="4" tag="245"><subfield code="a">The Southwestern advocate.</subfield></datafield><datafield ind1=" " ind2=" " tag="260"><subfield code="a">Dallas, Tex. :</subfield><subfield code="b">Harben-Spotts Co.,</subfield><subfield code="c">1932-</subfield></datafield><datafield ind1=" " ind2=" " tag="300"><subfield code="a">v. :</subfield><subfield code="b">ill. ;</subfield><subfield code="c">39 cm.</subfield></datafield><datafield ind1=" " ind2=" " tag="310"><subfield code="a">Weekly</subfield></datafield><datafield ind1="0" ind2=" " tag="362"><subfield code="a">Vol. 78, no. 21 (Jan. 7, 1932)-v. 95, no. 41 (Feb. 24, 1949).</subfield></datafield><datafield ind1=" " ind2=" " tag="515"><subfield code="a">Numbering continued from: Texas Christian advocate.</subfield></datafield><datafield ind1=" " ind2=" " tag="752"><subfield code="a">United States</subfield><subfield code="b">Texas</subfield><subfield code="c">Dallas</subfield><subfield code="d">Dallas.</subfield></datafield><datafield ind1="0" ind2="0" tag="780"><subfield code="t">Texas Christian advocate</subfield><subfield code="w">(DLC)sn 83025699</subfield><subfield code="w">(OCoLC)9752747</subfield></datafield><datafield ind1="0" ind2="5" tag="780"><subfield code="t">Oklahoma Methodist</subfield></datafield><datafield ind1="0" ind2="0" tag="785"><subfield code="t">Texas Christian advocate (Fort Worth, Tex. : 1952)</subfield><subfield code="w">(DLC)sn 87090833</subfield></datafield></record>